@misc{
	lmSwitchMode,
	author = {www.ti.com},
	pages = {1335-1346},
	title = {LM2675 SIMPLE SWITCHER Power Converter High Efficiency 1A Step-Down Voltage Regulator},
    url = {http://www.ti.com/lit/ds/symlink/lm2675.pdf},
	year = {2005}
}
@misc{
	pcbTutor,
	author = {David L. Jones},
	date = {2014-06-29},
	number = {26},
	title = {PCB Design Tutorial}
}
@misc{
	mjones01,
	author = {M. Jones and N. Smirnoff},
	date = {2012-09-27},
	title = {10-bit analog-to-digital converters with serial control},
	Volume = {57},
}
@misc{
	ADC,
	author = {Texas Instruments},
	date = {1995-03-01},
	title = {10-bit analog-to-digital converters with serial control},
    url = {http://docs-europe.electrocomponents.com/webdocs/0026/0900766b800269de.pdf},
}
@misc{
	zener,
	author = {Texas Instruments},
	date = {2002-02-27},
	title = {BZX79 series voltage regulator diodes},
	url = {http://www.nxp.com/documents/data_sheet/BZX79.pdf},
}
@misc{
	red_led,
	author = {Avago Technologies},
	date = {2008-09-02},
	title = {T-13/4 (5 mm) Precision Optical Performance AlInGaP LED Lamps (red)},
	url = {http://www.nxp.com/documents/data_sheet/BZX79.pdf},
}
@misc{
	green_blue_led,
	author = {Avago Technologies},
	date = {2012-03-07},
	title = {New 5mm Blue and Green LED Lamps (Green and blue)},
	url = {http://docs-europe.electrocomponents.com/webdocs/116c/0900766b8116c0d4.pdf},
}
@misc{
	spartan3,
	author = {Xilinx},
	date = {2012-03-07},
	title = {Spartan-3A FPGA Family: Data Sheet},
}
@misc{
	photoDiode,
	author = {Opto semiconductors},
	date = {2005-04-27},
	title = {Silicon pin Photodiode with very shot switching time},
}
@misc{
	lm358,
	author = {National semiconductor},
	date = {2000-01-01},
	title = {Low Power Dual Operational Amplifiers},
}
@book{
	tdoa_book,
	author = {Buehrer, R. Michael},
	year = {2011},
	booktitle = {Handbook of position location : theory, practice and advances},
	title = {Fundamentals of Time-of-Arrival-Based Position Locations},
	pages = {175-180},
	url = {http://www.ee.nmt.edu/~rison/ee389_spr08/toa.pdf},
	isbn = {0-470-94342-4; 1-118-10476-5},
}
@misc{
	tdoa_notes,
	author = {B. Rison.},
	year = {2008},
	month = {February},
	title = {TIME OF ARRIVAL LOCATION TECHNIQUE},
	url = {http://www.ee.nmt.edu/~rison/ee389_spr08/toa.pdf},
}

@report{
	electronic_target,
	author = {Matthew Waterman and Donato Salazar},
	year = {2011},
	month = {December},
	title = {Electronic Target},
	institution = {Northern Illinois University},
	type = {report},
	url = {http://www.mattwaterman.net/Waterman%20Salazar%20-%20Electronic%20Targets.pdf},
	urldate = {2014-12-17}
}
@report{
	anon09,
	author = {Anonymous MIT student},
	year = {2009},
	month = {December},
	title = {The XY Drum},
	institution = {Massachusetts Institute of Technology},
	type = {report},
	url = {http://ocw.mit.edu/courses/music-and-theater-arts/21m-380-music-and-technology-contemporary-history-and-aesthetics-fall-2009/projects/MIT21M_380F09_proj_ssp_4.pdf},
	urldate = {2014-12-17}
}

@article{
	hardGauss,
	author = {ZHANG Bowei, GU Guochang, SUN Lin and WU Yanxia},
	date = {2011},
	title = {Floating-Point FPGA Gaussian Elimination in Reconfigurable Computing System},
	journal = {Chinese Journal of Electronics},
	volume = {20}
}
@book{
	gauss,
	author = {Timothy Sauer},
	year = {2014},
	booktitle = {Numerical Analysis},
	isbn = {978-1-292-023558-8},
}
@misc{
	picoBlazeCompiler,
	author = {Chapman, Xilinx Employee},
	year = {2007},
	month = {Septemper},
	title = {PicoBlaze FAQ â€“ Is there a C-Compiler?},
	url = {http://forums.xilinx.com/t5/PicoBlaze/PicoBlaze-FAQ-Is-there-a-C-Compiler/td-p/580},
}
@misc{
	picoBlazeCompiler,
	author = {Xilinx},
	mounth = {June},
	version = {4.2},
	year = {2014},
	month = {Septemper},
	title = {Spartan-3AN FPGA Family Data Sheet},
	url = {http://www.xilinx.com/support/documentation/data_sheets/ds557.pdf},
}